<?xml version="1.0" encoding="UTF-8"?><collection xmlns="http://www.loc.gov/MARC21/slim"><record><leader>00360nam--2200121-i-4500</leader><controlfield tag="001">000022728</controlfield><controlfield tag="002">20161230</controlfield><controlfield tag="005">20161230201034</controlfield><controlfield tag="008">060222s1000------------r-----000-0-eng-d</controlfield><datafield ind1=" " ind2=" " tag="100"><subfield code="a">Holmes, Artur</subfield></datafield><datafield ind1=" " ind2=" " tag="245"><subfield code="a">The phaneroyoic time-scale. a symposium dedicated to professor..</subfield></datafield><datafield ind1=" " ind2=" " tag="260"><subfield code="a">London, Geological Society Of London, 1964, Viii + 458p. + Vi</subfield></datafield><datafield ind1=" " ind2=" " tag="852"><subfield code="a">27340</subfield></datafield></record></collection>